
<marc:record><marc:leader>02157nas a2200445 a 4500</marc:leader>
<marc:controlfield tag="001">000863133</marc:controlfield>
<marc:controlfield tag="005">20200818133456.0</marc:controlfield><marc:controlfield tag="006">m        |        </marc:controlfield><marc:controlfield tag="007">hr ||||||||||</marc:controlfield><marc:controlfield tag="008">110628c19949999dcu||  |o    f|    0eng c</marc:controlfield><marc:datafield tag="010" ind1=" " ind2=" "><marc:subfield code="a">2011230457</marc:subfield></marc:datafield><marc:datafield tag="035" ind1=" " ind2=" "><marc:subfield code="a">(OCoLC)733332540</marc:subfield></marc:datafield><marc:datafield tag="037" ind1=" " ind2=" "><marc:subfield code="b">Paper version for sale by the U.S. Govt. Print. Off., Supt. of Docs., Washington, DC 20402</marc:subfield></marc:datafield><marc:datafield tag="040" ind1=" " ind2=" "><marc:subfield code="a">GPO</marc:subfield><marc:subfield code="c">GPO</marc:subfield></marc:datafield><marc:datafield tag="042" ind1=" " ind2=" "><marc:subfield code="a">pcc</marc:subfield></marc:datafield><marc:datafield tag="043" ind1=" " ind2=" "><marc:subfield code="a">n-us---</marc:subfield></marc:datafield><marc:datafield tag="074" ind1=" " ind2=" "><marc:subfield code="a">1009-D-05 (online)</marc:subfield></marc:datafield><marc:datafield tag="086" ind1="0" ind2=" "><marc:subfield code="a">Y 4.IN 2/11-15:</marc:subfield></marc:datafield><marc:datafield tag="110" ind1="1" ind2=" "><marc:subfield code="a">United States.</marc:subfield><marc:subfield code="b">Congress.</marc:subfield><marc:subfield code="b">Senate.</marc:subfield><marc:subfield code="b">Committee on Indian Affairs (1993- )</marc:subfield></marc:datafield><marc:datafield tag="245" ind1="1" ind2="0"><marc:subfield code="a">Legislative calendar</marc:subfield><marc:subfield code="h">[electronic resource].</marc:subfield></marc:datafield><marc:datafield tag="260" ind1=" " ind2=" "><marc:subfield code="a">Washington, D.C. :</marc:subfield><marc:subfield code="b">U.S. G.P.O. :</marc:subfield><marc:subfield code="b">For sale by the U.S. G.P.O., Supt. of Docs.</marc:subfield></marc:datafield><marc:datafield tag="300" ind1=" " ind2=" "><marc:subfield code="a">v. :</marc:subfield><marc:subfield code="b">digital, ASCII text, PDF file</marc:subfield></marc:datafield><marc:datafield tag="310" ind1=" " ind2=" "><marc:subfield code="a">Biennial</marc:subfield></marc:datafield><marc:datafield tag="362" ind1="1" ind2=" "><marc:subfield code="a">Print began with 103rd Congress, final ed. (1993/1994).</marc:subfield></marc:datafield><marc:datafield tag="490" ind1="1" ind2=" "><marc:subfield code="a">S. prt.</marc:subfield></marc:datafield><marc:datafield tag="588" ind1=" " ind2=" "><marc:subfield code="a">Description based on 110th Congress final ed. (2007/2008).</marc:subfield></marc:datafield><marc:datafield tag="588" ind1=" " ind2=" "><marc:subfield code="a">Latest issue consulted: 110th Congress, final ed. (2007/2008).</marc:subfield></marc:datafield><marc:datafield tag="515" ind1=" " ind2=" "><marc:subfield code="a">Issues are cumulative for each Congress.</marc:subfield></marc:datafield><marc:datafield tag="610" ind1="1" ind2="0"><marc:subfield code="a">United States.</marc:subfield><marc:subfield code="b">Congress.</marc:subfield><marc:subfield code="b">Senate.</marc:subfield><marc:subfield code="b">Committee on Indian Affairs (1993- )</marc:subfield><marc:subfield code="v">Calendars.</marc:subfield></marc:datafield><marc:datafield tag="650" ind1=" " ind2="0"><marc:subfield code="a">Indians of North America</marc:subfield><marc:subfield code="x">Government relations</marc:subfield><marc:subfield code="y">1934-</marc:subfield><marc:subfield code="v">Periodicals.</marc:subfield></marc:datafield><marc:datafield tag="650" ind1=" " ind2="0"><marc:subfield code="a">Indians of North America</marc:subfield><marc:subfield code="x">Legal status, laws, etc.</marc:subfield><marc:subfield code="v">Periodicals.</marc:subfield></marc:datafield><marc:datafield tag="776" ind1="0" ind2="8"><marc:subfield code="i">Microfiche version:</marc:subfield><marc:subfield code="a">United States. Congress. Senate. Committee on Indian Affairs (1993- ).</marc:subfield><marc:subfield code="s">Legislative calendar (1995).</marc:subfield><marc:subfield code="t">Legislative calendar</marc:subfield><marc:subfield code="w">(DLC) 2009230019</marc:subfield><marc:subfield code="w">(OCoLC)42710025</marc:subfield></marc:datafield><marc:datafield tag="776" ind1="0" ind2="8"><marc:subfield code="i">Paper version:</marc:subfield><marc:subfield code="a">United States. Congress. Senate. Committee on Indian Affairs (1993- ).</marc:subfield><marc:subfield code="s">Legislative calendar (1995).</marc:subfield><marc:subfield code="t">Legislative calendar</marc:subfield><marc:subfield code="w">(DLC) 96660685</marc:subfield><marc:subfield code="w">(OCoLC)32707126</marc:subfield></marc:datafield><marc:datafield tag="780" ind1="0" ind2="0"><marc:subfield code="a">United States. Congress. Senate. Select Committee on Indian Affairs.</marc:subfield><marc:subfield code="t">Legislative calendar</marc:subfield><marc:subfield code="w">(OCoLC)657423809</marc:subfield></marc:datafield><marc:datafield tag="830" ind1=" " ind2="0"><marc:subfield code="a">S. prt.</marc:subfield></marc:datafield><marc:datafield tag="856" ind1="4" ind2="0"><marc:subfield code="u">https://purl.fdlp.gov/GPO/gpo9150</marc:subfield></marc:datafield><marc:datafield tag="856" ind1="4" ind2=" "><marc:subfield code="u">http://www.gpo.gov/fdsys/browse/committee.action?chamber=senate&amp;committee=indianaffairs</marc:subfield></marc:datafield><marc:datafield tag="994" ind1=" " ind2=" "><marc:subfield code="a">C0</marc:subfield><marc:subfield code="b">GPO</marc:subfield></marc:datafield><marc:datafield tag="049" ind1=" " ind2=" "><marc:subfield code="a">XZL4</marc:subfield></marc:datafield><marc:datafield tag="955" ind1=" " ind2=" "><marc:subfield code="a">bca29 20120111</marc:subfield><marc:subfield code="b">20120111</marc:subfield></marc:datafield></marc:record>